@misc{philippines | world animal protection, 
title={Animal Protection Index}, 
url={https://api.worldanimalprotection.org/country/philippines}, 
journal={Philippines | World Animal Protection}
}

@book{svärd per-anders_2015, 
place={Stockholm}, 
title={Problem animals: a critical genealogy of animal cruelty and animal welfare in Swedish politics 1844-1944}, 
publisher={Department of Political Science, Stockholm University}, 
author={Svärd Per-Anders}, 
year={2015}
}

@misc{philippine animal welfare society_2021, 
title={Programs}, 
url={https://paws.org.ph/programs/}, 
journal={Philippine Animal Welfare Society}, 
year={2021}, 
month={Jan}
}

@misc{aarrc philippines_2020, 
title={Animal Welfare in the Philippines}, 
url={https://aklananimalrescue.com/animal-welfare/}, 
journal={AARRC Philippines}, 
year={2020}, 
month={Apr}
}

@article{hamari_koivisto_sarsa_2014, 
title={Does Gamification Work? -- A Literature Review of Empirical Studies on Gamification}, 
DOI={10.1109/hicss.2014.377}, 
journal={2014 47th Hawaii International Conference on System Sciences}, 
author={Hamari, Juho and Koivisto, Jonna and Sarsa, Harri}, 
year={2014}
}

@book{zichermann_cunningham_2011, 
place={Sebastopol (California)}, 
title={Gamification by design: implementing game mechanics in web and mobile apps}, 
publisher={OReilly Media}, author={Zichermann, Gabe and Cunningham, Christopher}, 
year={2011}
}

@misc{ago_2020, 
title={GCash makes it easier for Green Heroes to digitally plant trees}, 
url={https://www.manilarepublic.com/gcash-makes-it-easier-for- green-heroes-to-digitally-plant-trees/14671/}, 
journal={Manila Republic}, 
author={ago, Gabriel2 years ago2 years}, 
year={2020}, 
month={Jul}
}

@misc{-_by_-_magazine_2019, 
title={Digital: GCash Launches 'GCash Forest' in Partnership with DENR, WWF, and BIOFIN to Increase Tree Plantation in the Philippines}, 
url={https://adobomagazine.com/philippine-news/digital-gcash-launches-gcash-forest-in-partnership-with-denr-wwf-and-biofin-to-increase-tree-plantation-in-the-philippines/}, 
journal={adobo Magazine Online}, 
author={-, Adobo Magazine and By and - and Magazine, Adobo}, 
year={2019},
month={Jun}
}

@misc{google, 
title={Integrating Google Sign-In into your web app  |  Google Sign-In for Websites  |  Google Developers}, 
url={https://developers.google.com/identity/sign-in/web/sign-in}, 
journal={Google}, 
publisher={Google}
}

@misc{merriam-webster, 
title={Gamification Definition & Meaning}, 
url={https://www.merriam-webster.com/dictionary/gamification}, 
journal={Merriam-Webster}, 
publisher={Merriam-Webster}
}

@misc{hamilton_2021, 
title={Agile Methodology: What is Agile Model in Software Testing?}, 
url={https://www.guru99.com/agile-scrum-extreme-testing.html}, 
journal={Guru99},
 author={Hamilton, Thomas}, 
year={2021}, 
month={Dec}
}



